
@misc{noauthor_what_nodate,
	title = {What is {Ownership}? - {The} {Rust} {Programming} {Language}},
	url = {https://doc.rust-lang.org/book/ch04-01-what-is-ownership.html},
	urldate = {2025-02-05},
	file = {What is Ownership? - The Rust Programming Language:C\:\\Users\\thoma\\Zotero\\storage\\3AN74PW2\\ch04-01-what-is-ownership.html:text/html},
}

@misc{noauthor_data_nodate,
	title = {Data {Types} - {The} {Rust} {Programming} {Language}},
	url = {https://doc.rust-lang.org/book/ch03-02-data-types.html},
	urldate = {2025-02-05},
	file = {Data Types - The Rust Programming Language:C\:\\Users\\thoma\\Zotero\\storage\\NLE59FIZ\\ch03-02-data-types.html:text/html},
}

@misc{noauthor_variables_nodate,
	title = {Variables and {Mutability} - {The} {Rust} {Programming} {Language}},
	url = {https://doc.rust-lang.org/book/ch03-01-variables-and-mutability.html},
	urldate = {2025-02-05},
	file = {Variables and Mutability - The Rust Programming Language:C\:\\Users\\thoma\\Zotero\\storage\\XWW7BD5F\\ch03-01-variables-and-mutability.html:text/html},
}

@misc{noauthor_introduction_nodate,
	title = {Introduction - {Rust} {By} {Example}},
	url = {https://doc.rust-lang.org/rust-by-example/},
	urldate = {2025-02-09},
	file = {Introduction - Rust By Example:C\:\\Users\\thoma\\Zotero\\storage\\WLXMZA5R\\rust-by-example.html:text/html},
}
